<record><leader>00000cas a22000001a 4500</leader><controlfield tag="001">21322773</controlfield><controlfield tag="007">hd afb---baca</controlfield><controlfield tag="007">hd bfb---baaa</controlfield><controlfield tag="008">900404d18331856pauwr n a     0    0eng  </controlfield><datafield ind1=" " ind2=" " tag="010"><subfield code="a">sf 90090053 </subfield></datafield><datafield ind1=" " ind2=" " tag="040"><subfield code="a">DLC</subfield><subfield code="b">eng</subfield><subfield code="c">DLC</subfield><subfield code="d">RQM</subfield><subfield code="d">OCL</subfield><subfield code="d">OCLCQ</subfield><subfield code="d">OCLCO</subfield><subfield code="d">OCLCA</subfield></datafield><datafield ind1=" " ind2=" " tag="012"><subfield code="i">9510</subfield></datafield><datafield ind1="1" ind2=" " tag="029"><subfield code="a">AU@</subfield><subfield code="b">000024861423</subfield></datafield><datafield ind1=" " ind2=" " tag="042"><subfield code="a">pcc</subfield></datafield><datafield ind1=" " ind2=" " tag="043"><subfield code="a">n-us-pa</subfield></datafield><datafield ind1="0" ind2="0" tag="050"><subfield code="a">Microfilm 04600</subfield></datafield><datafield ind1="0" ind2=" " tag="130"><subfield code="a">Catholic herald (Philadelphia, Pa. : 1833)</subfield></datafield><datafield ind1="1" ind2="4" tag="245"><subfield code="a">The Catholic herald</subfield><subfield code="h">[microform].</subfield></datafield><datafield ind1=" " ind2=" " tag="260"><subfield code="a">Philadelphia [Pa. :</subfield><subfield code="b">s.n.],</subfield><subfield code="c">1833-1856.</subfield></datafield><datafield ind1=" " ind2=" " tag="300"><subfield code="a">v. ;</subfield><subfield code="c">39-61 cm.</subfield></datafield><datafield ind1=" " ind2=" " tag="310"><subfield code="a">Weekly</subfield></datafield><datafield ind1="0" ind2=" " tag="362"><subfield code="a">Vol. 1, no. 1 (Jan. 3, 1833)-v. 26 [i.e. 24], no. 52 (Dec. 27, 1856).</subfield></datafield><datafield ind1=" " ind2=" " tag="515"><subfield code="a">Issues for -Dec. 27, 1856 called also -whole no. 1295.</subfield></datafield><datafield ind1=" " ind2=" " tag="580"><subfield code="a">Merged with: Catholic visitor, to form: Catholic herald and visitor. 20.</subfield></datafield><datafield ind1=" " ind2=" " tag="533"><subfield code="a">Microfilm.</subfield><subfield code="m">v.1-12 (1833-1844):[Gaps]</subfield><subfield code="b">Washington, D.C. :</subfield><subfield code="c">Library of Congress Preservation Microfilming Program :</subfield><subfield code="c">Available from Library of Congress Photoduplication Service.</subfield><subfield code="e">microfilm reels ; 35 mm.</subfield></datafield><datafield ind1="2" ind2="0" tag="610"><subfield code="a">Catholic Church</subfield><subfield code="z">Pennsylvania</subfield><subfield code="v">Newspapers.</subfield></datafield><datafield ind1=" " ind2="0" tag="650"><subfield code="a">Newspapers</subfield><subfield code="x">Catholic</subfield><subfield code="y">19th century.</subfield></datafield><datafield ind1=" " ind2="0" tag="650"><subfield code="a">Catholic Americana.</subfield></datafield><datafield ind1="1" ind2=" " tag="700"><subfield code="a">O'Donnell, N.,</subfield><subfield code="c">Rev.</subfield></datafield><datafield ind1="1" ind2=" " tag="776"><subfield code="c">Original</subfield><subfield code="w">(DLC)sn 87052015</subfield></datafield><datafield ind1="1" ind2="7" tag="785"><subfield code="t">Catholic visitor</subfield></datafield><datafield ind1="1" ind2="7" tag="785"><subfield code="t">Catholic herald and visitor</subfield></datafield><datafield ind1=" " ind2=" " tag="850"><subfield code="a">DLC</subfield><subfield code="a">DLC (master)</subfield></datafield></record>